@phdthesis{testthesis,
  author={R.S. McKay},
  title={X-ray crystallography},
  school={Princeton University},
  year={1982}
}
@article{ZouHe,
    author = {Zou,Qisu  and He,Xiaoyi },
    title = {On pressure and velocity boundary conditions for the lattice Boltzmann BGK model},
    journal = {Physics of Fluids},
    volume = {9},
    number = {6},
    pages = {1591-1598},
    year = {1997},
    doi = {10.1063/1.869307},
    URL = {https://doi.org/10.1063/1.869307},
    eprint = { https://doi.org/10.1063/1.869307}
}
@inproceedings{meskas,
  title={Lattice Boltzmann Method for Fluid Simulations},
  author={Yuanxun Bao and Justin Meskas},
  year={2011}
}
@article{buk,
    author = {Wagner, Alexander},
    year = {0002},
    month = {01},
    pages = {},
    title = {A Practical Introduction to the Lattice Boltzmann Method}
}
@phdthesis{acoustics,
    author = {Viggen, Erlend Magnus},
    year = {2009},
    month = {07},
    pages = {},
    title = {The Lattice Boltzmann Method with Applications in Acoustics}
}

@article{forcedcurved,
  title = {Force evaluation in the lattice Boltzmann method involving curved geometry},
  author = {Mei, Renwei and Yu, Dazhi and Shyy, Wei and Luo, Li-Shi},
  journal = {Phys. Rev. E},
  volume = {65},
  issue = {4},
  pages = {041203},
  numpages = {14},
  year = {2002},
  month = {Apr},
  publisher = {American Physical Society},
  doi = {10.1103/PhysRevE.65.041203},
  url = {https://link.aps.org/doi/10.1103/PhysRevE.65.041203}
}

@article{multirelaxtimes,
  author={Pradipto and Acep Purqon},
  title={Accuracy and Numerical Stabilty Analysis of Lattice Boltzmann Method with Multiple Relaxation Time for Incompressible Flows},
  journal={Journal of Physics: Conference Series},
  volume={877},
  number={1},
  pages={012035},
  url={http://stacks.iop.org/1742-6596/877/i=1/a=012035},
  year={2017}
}

@article{momentumexchange,
    author = {Wen, Binghai and Zhang, Chaoying and Fang, Haiping},
    year = {2015},
    month = {12},
    pages = {8240-8266},
    title = {Hydrodynamic Force Evaluation by Momentum Exchange Method in Lattice Boltzmann Simulations},
    volume = {17},
    journal = {Entropy},
    doi = {10.3390/e17127876}
}

@inbook{latticehistory,
author = {Luo, Li-Shi},
year = {2011},
month = {07},
pages = {165-187},
title = {The Future of Lattice-Gas and Lattice Boltzmann Methods},
doi = {10.1007/978-94-010-0948-5_9}
}